author = {MÓNICA ANDREA APONTE MARÍN},
keywords = {Infinito, Buen orden, Cardinales, Conjuntos, Teoría de Conjuntos,
Transfinitos, Ordinales, Cantor, Axioma de Elección, Axioma de Reemplazo, Paradojas,
Intuición, Enseñanza, Educación Matemática},
pages{20-22},
title = {{LA NOCIÓN DE INFINITO EN GEORGE CANTOR. UN ESTUDIO
HISTÓRICO-EPISTEMOLÓGICO EN LA PERSPECTIVA DE LA
EDUCACIÓN MATEMÁTICA}},
year = {2014}

author = {Mario O. González},
pages{20-22},
title = {{La crisis actual
de los fundamentos de la Matemática}},
year = {1950}

author = {John E. Hopcroft},
title = {{Máquinas de Turing}},
year = {1984}

author = {Miguel Barral},
title = {{Los fallos humanos que derrotaron a Enigma}},
year = {2017}

author = {Rafael Barzanallana},
title = {{Apuntes de las asignaturas que imparto sobre informática, y algo más}},
year = {2013}

author = {MÓNICA ANDREA APONTE MARÍN},
keywords = {Infinito, Buen orden, Cardinales, Conjuntos, Teoría de Conjuntos,
Transfinitos, Ordinales, Cantor, Axioma de Elección, Axioma de Reemplazo, Paradojas,
Intuición, Enseñanza, Educación Matemática},
pages{20-22},
title = {{LA NOCIÓN DE INFINITO EN GEORGE CANTOR. UN ESTUDIO
HISTÓRICO-EPISTEMOLÓGICO EN LA PERSPECTIVA DE LA
EDUCACIÓN MATEMÁTICA}},
year = {2014}

author = {Marcus du Sautoy},
title = {{Georg Cantor, el matemático que descubrió que hay muchos infinitos y no todos son del mismo tamaño}},
year = {2018}

title = {{El manuscrito secreto de Alan Turing, el descifrador del Código Enigma}},
year = {2015}
