author = {Andrés, M., Ramos, H.}
title = { MODULO DE MICROPROCESADORES & MICROCONTROLADORES}
year = {2009}

author = {Carretero Pérez, J., Mateos, A. C., Daniel, J., Sánchez, G., Javier, F., Blas, G., Manuel, J., Lobato, P., Gregoria, M., & Andrés, C.}
title = {SISTEMAS OPERATIVOS: Lección 5: Hilos y Procesos • Introducción y conceptos básicos}
year = {2009}
 
author = {Parra, L }
title = {MICROPROCESADORES}
year = {2012}

author = {Rodriguez Garcia, E}
title = {Núcleos e hilos en un procesador: qué son y en qué se diferencian. El Español}
year = {2017, julio 7}



