author = {Juan M. Morera Pascual, Juan A. Pérez Campanero}
pages = {72-78}
title = {CONCEPTOS DE SISTEMAS OPERATIVOS}
year = {2002}

author = {Pablo Gindel}
pages = {2-6}
title = {Microcontroladores 6-Interrupciones}
year = {2015}

author = {Rafael Barzanallana}
title = {Apuntes de las asignaturas que imparto sobre infromática, y algo más}
year = {2013}

